@misc{matweb6061,
  author       = {{MatWeb, LLC}},
  title        = {Aluminum 6061-T6; 6061-T651},
  howpublished = {\url{https://asm.matweb.com/search/specificmaterial.asp?bassnum=ma6061t6}},
  note         = {Accessed 30 Sept. 2025},
  year         = {2025}
}

@misc{matweb1018,
  author       = {{MatWeb, LLC}},
  title        = {Steel 1018, cold drawn},
  howpublished = {\url{https://asia.matweb.com/search/SpecificMaterial.asp?bassnum=M1018A}},
  note         = {Accessed 30 Sept. 2025},
  year         = {2025}
}
